@misc
{WFintro,
author={Michel Terré},
title={Wifi},
month={mars},
year={2007},
note={\\http://easytp.cnam.fr/terre/images/WiFi.pdf}
}

@misc
{WFevol,
author={Sundar Sankaran},
title={The Theory of Wi-Fi Evolution and IEEE 802.11 Selection},
month={juillet},
year={2016},
note={\\https://theruckusroom.ruckuswireless.com/wi-fi/2016/07/13/the-theory-of-wi-fi-evolution-and-ieee-802-11-selection/}
}

@misc
{WFband,
author={Infos Réseau},
title={Canaux et fréquences Wifi 2.4 GHz et 5 GHz},
month={janvier},
year={2015},
note={\\https://infos-reseau.com/canaux-et-frequences-wifi-2-4-ghz-et-5-ghz/}
}

@misc
{WFfunc,
author={James F. Kurose and Keith W. Ross},
title={IEEE 802.11 LANs},
year={1999},
note={\\https://www.net.t-labs.tu-berlin.de/teaching/computer\_networking/05.07.htm}
}

@misc
{WFfunc2,
author={F.Nolot},
title={Les réseaux sans-fil : IEEE 802.11},
note={\\http://www.nolot.eu/Download/Cours/reseaux/m1info/ProtoAv-Cours7-Wifi.pdf}
}

@misc
{WFhead,
author={Microsoft},
title={How 802.11 Wireless Works},
month={Mars},
year={2003},
note={\\http://www.nolot.eu/Download/Cours/reseaux/m1info/ProtoAv-Cours7-Wifi.pdf}
}

@misc
{WFfcf,
author={Nicolas Darchis},
title={802.11 frames : A starter guide to learn wireless sniffer traces},
month={octobre},
year={2010},
note={\\http://www.nolot.eu/Download/Cours/reseaux/m1info/ProtoAv-Cours7-Wifi.pdf}
}

